<record><leader>00000cas a2200000 a 4500</leader><controlfield tag="001">713025900</controlfield><controlfield tag="008">110418d19631964cauwr ne      0    0eng c</controlfield><datafield ind1=" " ind2=" " tag="010"><subfield code="a">sn2011271165</subfield></datafield><datafield ind1=" " ind2=" " tag="040"><subfield code="a">CNK</subfield><subfield code="b">eng</subfield><subfield code="c">CNK</subfield><subfield code="d">OCLCQ</subfield><subfield code="d">OCLCF</subfield><subfield code="d">OCLCO</subfield></datafield><datafield ind1=" " ind2=" " tag="042"><subfield code="a">pcc</subfield></datafield><datafield ind1=" " ind2=" " tag="043"><subfield code="a">n-us-ca</subfield></datafield><datafield ind1="0" ind2="0" tag="245"><subfield code="a">National Golden Rain news.</subfield></datafield><datafield ind1="1" ind2="7" tag="246"><subfield code="a">Golden Rain news</subfield></datafield><datafield ind1=" " ind2=" " tag="260"><subfield code="a">Seal Beach [Calif.] :</subfield><subfield code="b">National Golden Rain Foundation</subfield></datafield><datafield ind1=" " ind2=" " tag="300"><subfield code="a">v.</subfield></datafield><datafield ind1=" " ind2=" " tag="310"><subfield code="a">Weekly</subfield></datafield><datafield ind1="0" ind2=" " tag="362"><subfield code="a">Vol. 1, no. 1 (Nov. 13, 1963)-v. 1, no. 37 (July 24, 1964).</subfield></datafield><datafield ind1=" " ind2=" " tag="500"><subfield code="a">"Rossmoor Leisure World" appears in a vignette to the left of title on masthead.</subfield></datafield><datafield ind1=" " ind2=" " tag="530"><subfield code="a">Master negatives are available for duplication from:</subfield><subfield code="b">California Newspaper Microfilm Archive;</subfield><subfield code="c">positive copies may be purchased by the reel; for further information consult the CNMA at:</subfield><subfield code="u">http://cbsr.ucr.edu</subfield></datafield><datafield ind1=" " ind2="0" tag="651"><subfield code="a">Leisure World (Calif.)</subfield><subfield code="v">Newspapers.</subfield></datafield><datafield ind1=" " ind2="0" tag="651"><subfield code="a">Seal Beach (Calif.)</subfield><subfield code="v">Newspapers.</subfield></datafield><datafield ind1=" " ind2="7" tag="655"><subfield code="a">Newspapers.</subfield><subfield code="2">fast</subfield><subfield code="0">(OCoLC)fst01423814</subfield></datafield><datafield ind1=" " ind2="7" tag="651"><subfield code="a">California</subfield><subfield code="z">Leisure World.</subfield><subfield code="2">fast</subfield><subfield code="0">(OCoLC)fst01252986</subfield></datafield><datafield ind1=" " ind2="7" tag="651"><subfield code="a">California</subfield><subfield code="z">Seal Beach.</subfield><subfield code="2">fast</subfield><subfield code="0">(OCoLC)fst01221562</subfield></datafield><datafield ind1=" " ind2=" " tag="752"><subfield code="a">United States</subfield><subfield code="b">California</subfield><subfield code="c">Orange</subfield><subfield code="d">Seal Beach.</subfield></datafield><datafield ind1="0" ind2="0" tag="785"><subfield code="t">Leisure World news (Seal Beach, Calif.)</subfield><subfield code="w">(DLC)sn2011271166</subfield></datafield></record>